[gd_scene load_steps=10 format=2]

[ext_resource path="res://gui/titlesceen/titlescreen.gd" type="Script" id=1]
[ext_resource path="res://gui/titlesceen/quit.png" type="Texture" id=2]
[ext_resource path="res://gui/titlesceen/about.png" type="Texture" id=3]
[ext_resource path="res://gui/hud/texture_button.tscn" type="PackedScene" id=4]
[ext_resource path="res://gui/titlesceen/desk.jpg" type="Texture" id=5]
[ext_resource path="res://gui/titlesceen/title.png" type="Texture" id=6]
[ext_resource path="res://gui/titlesceen/start_level.png" type="Texture" id=7]

[sub_resource type="Shader" id=1]
code = "shader_type canvas_item;
render_mode unshaded;

uniform float cutoff : hint_range(0, 1);

void fragment() {
	vec4 mask = texture(TEXTURE, UV);
	mask.a *= step(mask.r, cutoff);
	//set to white, can be changed with modulate
	COLOR.rgb = vec3(1.0,1.0,1.0);
	COLOR.a = mask.a;
}
"

[sub_resource type="ShaderMaterial" id=2]
shader = SubResource( 1 )
shader_param/cutoff = 1.0

[node name="Control" type="CenterContainer"]
anchor_right = 1.0
anchor_bottom = 1.0
rect_pivot_offset = Vector2( 521.087, 292.396 )
script = ExtResource( 1 )
__meta__ = {
"_edit_use_anchors_": false
}

[node name="desk" type="TextureRect" parent="."]
margin_left = 512.0
margin_top = 300.0
margin_right = 512.0
margin_bottom = 300.0
size_flags_horizontal = 2
size_flags_vertical = 2
size_flags_stretch_ratio = 0.0
texture = ExtResource( 5 )
expand = true
stretch_mode = 4

[node name="VBoxContainer" type="VBoxContainer" parent="."]
margin_left = 187.0
margin_top = 47.0
margin_right = 837.0
margin_bottom = 552.0
custom_constants/separation = 30
alignment = 1

[node name="title" type="TextureRect" parent="VBoxContainer"]
modulate = Color( 0.0862745, 0.0862745, 0.0823529, 0.952941 )
material = SubResource( 2 )
margin_right = 650.0
margin_bottom = 250.0
rect_min_size = Vector2( 650, 250 )
texture = ExtResource( 6 )
expand = true
stretch_mode = 5
__meta__ = {
"_edit_use_anchors_": false
}

[node name="Container" type="Control" parent="VBoxContainer"]
margin_top = 280.0
margin_right = 650.0
margin_bottom = 280.0

[node name="start" parent="VBoxContainer" instance=ExtResource( 4 )]
margin_top = 310.0
margin_right = 650.0
margin_bottom = 355.0
texture_normal = ExtResource( 7 )

[node name="about" parent="VBoxContainer" instance=ExtResource( 4 )]
margin_top = 385.0
margin_right = 650.0
margin_bottom = 430.0
texture_normal = ExtResource( 3 )

[node name="quit" parent="VBoxContainer" instance=ExtResource( 4 )]
margin_top = 460.0
margin_right = 650.0
margin_bottom = 505.0
texture_normal = ExtResource( 2 )

[connection signal="pressed" from="VBoxContainer/start" to="." method="_on_start_pressed"]
[connection signal="pressed" from="VBoxContainer/about" to="." method="_on_about_pressed"]
[connection signal="pressed" from="VBoxContainer/quit" to="." method="_on_quit_pressed"]
